<?xml version="1.0" encoding="UTF-8"?><record xmlns="http://www.loc.gov/MARC21/slim" xmlns:cinclude="http://apache.org/cocoon/include/1.0" xmlns:zs="http://www.loc.gov/zing/srw/">
  <leader>01200cz  a2200241n  4500</leader>
  <controlfield tag="001">n  94098767 </controlfield>
  <controlfield tag="003">DLC</controlfield>
  <controlfield tag="005">20140624073823.0</controlfield>
  <controlfield tag="008">941014n| azannaabn          |a aaa      </controlfield>
  <datafield tag="010" ind1=" " ind2=" ">
    <subfield code="a">n  94098767 </subfield>
  </datafield>
  <datafield tag="035" ind1=" " ind2=" ">
    <subfield code="a">(OCoLC)oca03699595</subfield>
  </datafield>
  <datafield tag="040" ind1=" " ind2=" ">
    <subfield code="a">DLC</subfield>
    <subfield code="b">eng</subfield>
    <subfield code="e">rda</subfield>
    <subfield code="c">DLC</subfield>
    <subfield code="d">DLC</subfield>
    <subfield code="d">TxSmTSU</subfield>
    <subfield code="d">IEN</subfield>
  </datafield>
  <datafield tag="046" ind1=" " ind2=" ">
    <subfield code="f">19101130</subfield>
    <subfield code="g">2000</subfield>
  </datafield>
  <datafield tag="100" ind1="1" ind2=" ">
    <subfield code="a">Moore, Donald,</subfield>
    <subfield code="d">1910-2000</subfield>
  </datafield>
  <datafield tag="374" ind1=" " ind2=" ">
    <subfield code="a">Composers</subfield>
    <subfield code="a">Undertakers and undertaking</subfield>
    <subfield code="2">lcsh</subfield>
  </datafield>
  <datafield tag="375" ind1=" " ind2=" ">
    <subfield code="a">male</subfield>
  </datafield>
  <datafield tag="400" ind1="1" ind2=" ">
    <subfield code="a">Moore, Donald Lee,</subfield>
    <subfield code="d">1910-2000</subfield>
  </datafield>
  <datafield tag="667" ind1=" " ind2=" ">
    <subfield code="a">Not the same person as composer and band director Moore, Donald Irving, also born in 1910--Cf. ASCAP biog. dict., 4th ed.</subfield>
  </datafield>
  <datafield tag="667" ind1=" " ind2=" ">
    <subfield code="a">Do not confuse with choral composer and organist Moore, Donald, 1946-</subfield>
  </datafield>
  <datafield tag="670" ind1=" " ind2=" ">
    <subfield code="a">ASCAP biog. dict., 4th ed.</subfield>
    <subfield code="b">(Moore, Donald Lee; b. Mooresville, NC, 11-30-1910; composer)</subfield>
  </datafield>
  <datafield tag="670" ind1=" " ind2=" ">
    <subfield code="a">LC manual auth. cd. (hdg.: Moore, Donald Lee; no bibs in cat.)</subfield>
  </datafield>
  <datafield tag="670" ind1=" " ind2=" ">
    <subfield code="a">A directory of composers for organ, web site viewed June 3, 2014</subfield>
    <subfield code="b">Additional dates and information (Donald Lee Moore:  b. 30th Nov 1910, Mooresville, NC, USA; d. 2000. He was a funeral director by profession.)</subfield>
  </datafield>
  <datafield tag="670" ind1=" " ind2=" ">
    <subfield code="a">OCLC, viewed June 3, 2014</subfield>
    <subfield code="b">(usage: Donald Lee Moore; aap: Moore, Donald, 1910- )</subfield>
  </datafield>
</record>